2621 3817
995 765 1183 827 Luna
1239 782 1566 823 sncvnnw.
1759 768 1864 827 126

682 852 900 923 bellicis
921 849 1162 934 gloriam
1178 861 1569 928 reportauere.
1595 841 1686 904 hic
1706 852 1864 910 enim

686 947 744 1006 in
761 937 1088 1019 Hispaniam
1106 928 1296 994 miffus
1314 972 1332 1006 ,
1351 922 1653 990 innatafibi
1671 925 1870 992 huma.

685 1028 886 1091 nitate,
903 1023 957 1079 &
975 1013 1414 1082 beneuolentia,
1432 1029 1551 1071 non
1565 1006 1750 1068 solirrn
1769 1016 1871 1072 mi-

685 1108 861 1170 litum
881 1104 1109 1166 animos
1137 1099 1237 1160 fibi
1260 1096 1520 1158 deuinxit
1544 1117 1556 1151 ε
1587 1088 1676 1151 sed
1701 1091 1874 1153 etiam

684 1184 990 1252 conciliata
1012 1183 1324 1246 clementiae
1350 1179 1499 1238 fama
1519 1222 1537 1252 ‚
1561 1191 1744 1233 rotam
1772 1173 1878 1231 Hi-

684 1273 933 1354 spaniam
952 1271 1225 1329 Romanae
1239 1260 1479 1320 ditionis
1495 1258 1646 1317 fecit:
1672 1253 1762 1312 ille
1777 1256 1878 1313 c6-

686 1354 792 1429 tra,
811 1367 1013 1428 magna
1027 1344 1298 1406 violentia
1312 1388 1330 1416 ,
1348 1339 1710 1410 crudelitate,
1726 1338 1778 1394 δε
1798 1355 1886 1394 ra-

685 1438 817 1518 pina
846 1422 1427 1500 ltaliamdeuastauit,
1471 1425 1524 1481 ἃ
1555 1439 1761 1480 omnes
1777 1437 1887 1500 po-

683 1517 803 1598 puli
828 1512 1000 1574 ltaliae
1019 1556 1036 1584 ‚
1063 1507 1259 1569 omnia
1290 1504 1408 1566 fere
1433 1503 1648 1587 oppida
1663 1501 1881 1562 adeum

681 1599 943 1659 defecere
962 1617 975 1652 τ
992 1596 1066 1653 ita
1080 1587 1662 1672 vt‚quemadmodum
1683 1585 1882 1664 Hispa-

682 1682 781 1744 nia
797 1727 814 1757 ,
841 1676 1254 1753 beneuolentia
1279 1672 1602 1751 ScipioniS,
1619 1667 1688 1730 fic
1705 1669 1885 1743 ltalia,

683 1767 898 1827 timore
918 1758 1222 1833 Annibalis
1238 1751 1664 1821 subadasuerit.
1708 1751 1886 1812 Simi-

683 1845 741 1909 le
761 1842 1094 1925 exemplum
1112 1837 1394 1903 habemus
1416 1839 1475 1898 in
1494 1833 1720 1898 Manlio
1733 1838 1883 1894 Tor-

623 1949 652 2013 3
686 1950 868 2015 quaro
886 1931 973 2005 ,δι
1002 1924 1280 1989 Valerio*
1298 1922 1607 1997 CoruinO,
1634 1921 1738 2001 qui
1762 1918 1884 1998 pari

685 2017 898 2077 virtute
922 2013 977 2072 ὅ(
1007 2009 1193 2092 gloria
1214 2006 1402 2068 vixere
1431 2006 1633 2066 Romae
1664 2027 1676 2062 :
1704 1999 1884 2082 dispa-

682 2100 732 2163 ri
755 2115 951 2160 tamen
979 2093 1220 2176 ingenio
1234 2138 1250 2167 ‚
1267 2093 1321 2149 &
1337 2084 1886 2168 rationeproceden-

681 2181 776 2245 di.
823 2177 1076 2242 Manlius
1091 2177 1246 2237 enirn
1274 2171 1438 2234 ferox
1465 2189 1683 2246 natura,
1706 2168 1885 2228 maxi-

682 2265 782 2328 me
810 2263 1036 2324 seuerus
1061 2260 1121 2321 in
1146 2256 1439 2339 disciplina
1469 2254 1699 2315 militari
1730 2251 1877 2311 fuitz

683 2346 950 2409 Valerius
971 2342 1110 2405 verb
1132 2345 1299 2403 omni
1329 2358 1538 2422 genere
1562 2336 1887 2396 humanita-

684 2432 761 2493 tis
775 2479 794 2509 ‚
816 2433 871 2491 δι
889 2426 1310 2490 beneuolentiae
1328 2423 1537 2483 milites
1555 2418 1886 2501 prosecutus

680 2515 762 2574 est
778 2556 794 2574 .
824 2512 996 2594 vsque
1018 2509 1200 2584 adef),
1222 2526 1282 2567 vt
1297 2505 1365 2564 ad
1385 2503 1670 2564 militesin
1688 2495 1886 2557 officio

679 2594 1077 2657 continendos
1106 2639 1124 2668 ‚
1148 2591 1246 2651 ille
1272 2587 1456 2647 filium
1492 2586 1802 2655 victorem,
1829 2584 1887 2640 &

678 2675 920 2763 speciosa
947 2673 1121 2756 spolia
1150 2670 1492 2733 referentem
1520 2715 1538 2740 ,
1574 2665 1740 2749 qubd
1765 2666 1889 2726 eius

680 2753 886 2826 iniussu
904 2754 1199 2841 pugnasset
1211 2758 1281 2815 cfr
1298 2753 1481 2828 hoste,
1495 2753 1672 2834 virgis
1687 2748 1885 2811 caesum

683 2843 857 2908 securi
871 2837 1321 2923 percufferitzhic
1336 2837 1477 2898 verb
1492 2836 1784 2896 nerninem
1797 2830 1885 2893 vel

681 2924 990 2989 offenderit
1003 2922 1205 3007 quide.
1220 2938 1471 2982 attamen
1489 2939 1597 2999 pro
1611 2936 1721 2977 tam
1734 2912 1885 2974 dissi-

690 3010 813 3073 mili
828 3006 1413 3089 rationeagendi,non
1426 3000 1686 3063 dislimile
1697 2999 1884 3070 fruelsi

688 3098 748 3158 δι
760 3094 1005 3181 gloriam
1019 3089 1447 3160 retulere-nulla
1455 3087 1609 3153 enim
1624 3104 1706 3233 vns
1704 3103 1740 3163 q
1728 3100 1884 3228 cuir-arn

1698 3184 1727 3229 e
1769 3182 1882 3228 ruo
